@article{Malkiel2003,
  author = {Malkiel, Burton G.},
  title = {The Efficient Market Hypothesis and Its Critics },
  journal = {Journal of Economic Perspectives},
  volume = {17},
  number = {1},
  year = {2003},
  month = {March},
  pages = {59–82},
  doi = {10.1257/089533003321164958},
}
@book{Kahneman2011,
  author    = {Kahneman, Daniel},
  title     = {Thinking, Fast and Slow},
  publisher = {Farrar, Straus and Giroux},
  year      = {2011},
  address   = {New York}
}
@article{Kyle1985,
  author    = {Kyle, Albert S.},
  title     = {Continuous Auctions and Insider Trading},
  journal   = {Econometrica},
  volume    = {53},
  number    = {6},
  pages     = {1315--1335},
  year      = {1985},
  publisher = {The Econometric Society},
  doi       = {10.2307/1913210}
}
@article{Robert1982,
  title = {Autoregressive Conditional Heteroscedasticity with Estimates of the Variance of United Kingdom Inflation},
  author = {Robert F. Engle},
  journal = {Econometrica},
  number = {4},
  pages = {987--1007},
  publisher = {[Wiley, Econometric Society]},
  volume = {50},
  year = {1982},  
  issn = {00129682, 14680262},
  doi = {10.2307/1912773}
}
@inproceedings{Nevmyvaka2006,
  author = {Nevmyvaka, Yuriy and Feng, Yi and Kearns, Michael},
  title = {Reinforcement learning for optimized trade execution},
  year = {2006},
  isbn = {1595933832},
  publisher = {Association for Computing Machinery},
  address = {New York, NY, USA},
  doi = {10.1145/1143844.1143929},
  booktitle = {Proceedings of the 23rd International Conference on Machine Learning},
  pages = {673–680},
  numpages = {8},
  location = {Pittsburgh, Pennsylvania, USA},
  series = {ICML '06}
}
@article{Barber2000,
  author    = {Barber, Brad M. and Odean, Terrance},
  title     = {Trading Is Hazardous to Your Wealth: The Common Stock Investment Performance of Individual Investors},
  journal   = {The Journal of Finance},
  volume    = {55},
  number    = {2},
  pages     = {773--806},
  year      = {2000},
  publisher = {Wiley for the American Finance Association}
}
@article{Ivashina2011,
  author = {Victoria Ivashina and Zheng Sun},
  title = {Institutional stock trading on loan market information},
  journal = {Journal of Financial Economics},
  volume = {100},
  number = {2},
  pages = {284-303},
  year = {2011},
  issn = {0304-405X},
  doi = {https://doi.org/10.1016/j.jfineco.2010.11.004},
}
@book{Brealey2022,
  title     = {Principles of Corporate Finance},
  author    = {Brealey, Richard A. and Myers, Stewart C. and Allen, Franklin and Edmans, Alex},
  edition   = {14th},
  publisher = {McGraw-Hill Education},
  year      = {2022},
  isbn      = {9781265074159},
}
@article{Ung2024,
  author = {Sze Nie Ung and Bartosz Gebka and Robert D. J. Anderson and},
  title = {An enhanced investor sentiment index*},
  journal = {The European Journal of Finance},
  volume = {30},
  number = {8},
  pages = {827--864},
  year = {2024},
  publisher = {Routledge},
  doi = {10.1080/1351847X.2023.2247440},
}
@article{Watanabe2008,
  author = {Watanabe, Masahiro},
  title = {Price Volatility and Investor Behavior in an Overlapping Generations Model with Information Asymmetry},
  journal = {The Journal of Finance},
  volume = {63},
  number = {1},
  pages = {229-272},
  doi = {10.1111/j.1540-6261.2008.01315.x},
  year = {2008}
}
@article{DeLong1990,
  author={De Long, J Bradford and Andrei Shleifer and Lawrence H. Summers and Robert J. Waldmann},
  title={Noise Trader Risk in Financial Markets},
  journal={Journal of Political Economy},
  year={1990},
  volume={98},
  number={4},
  pages={703-738},
  month={August},
  doi={10.1086/261703},
}
@article{Grossman1980,
  author = {Grossman, Sanford and Stiglitz, Joseph},
  year = {1980},
  month = {02},
  pages = {393-408},
  title = {On The Impossibility of Informationally Efficient Markets},
  volume = {70},
  journal = {American Economic Review}
}
@article{Bernales2023,
  author = {Bernales, Alejandro and Valenzuela, Marcela and Zer, Ilknur},
  year = {2023},
  month = {03},
  pages = {1-45},
  title = {Effects of Information Overload on Financial Markets: How Much Is Too Much?},
  journal = {International Finance Discussion Paper},
  doi = {10.17016/IFDP.2023.1372}
}
@book{Murphy1999,
  author       = {Murphy, John J.},
  title        = {Technical Analysis of the Financial Markets},
  publisher    = {New York Institute of Finance},
  edition      = {2nd},
  year         = {1999},
}
@book{Penman2013,
  author       = {Penman, Stephen H.},
  title        = {Financial Statement Analysis and Security Valuation},
  edition      = {5th},
  publisher    = {McGraw‐Hill Education},
  year         = {2013},
  isbn         = {9780078025310}
}
@book{Taleb2007,
  author       = {Taleb, Nassim Nicholas},
  title        = {The Black Swan: The Impact of the Highly Improbable},
  edition      = {2nd},
  publisher    = {Random House},
  year         = {2007},
  isbn         = {9780812973815}
}

